@phdthesis{AA_thesis,
    month = {December},
    title = {The Structure and Behaviour of the Continuous Double Auction},
    school = {University of Southampton},
    author = {Perukrishnen Vytelingum},
    year = {2006},
    keywords = {Continuous Double Auction, E-commerce, Bidding Strategies, Evolutionary Game Theory},
    url = {http://eprints.soton.ac.uk/263234/}
}


@article{AA_paper,
    author = {Vytelingum, P. and Cliff, D. and Jennings, N. R.},
    title = {Strategic bidding in continuous double auctions},
    journal = {Artif. Intell.},
    issue_date = {September, 2008},
    volume = {172},
    number = {14},
    month = sep,
    year = {2008},
    issn = {0004-3702},
    pages = {1700--1729},
    numpages = {30},
    url = {http://dx.doi.org/10.1016/j.artint.2008.06.001},
    doi = {10.1016/j.artint.2008.06.001},
    acmid = {1393740},
    publisher = {Elsevier Science Publishers Ltd.},
    address = {Essex, UK},
    keywords = {Bidding strategy, Continuous double auction, Evolutionary game theory},
}


@article{ZIP_paper1,
    author = {Dave Cliff, Janet B.},
    citeulike-article-id = {7522395},
    location = {Jan Fr{\"{a}}nkle (jan.fraenkle@googlemail.com)},
    posted-at = {2010-07-20 14:03:48},
    priority = {2},
    title = {{Less Than Human: Simple adaptive trading agents for CDA markets}}
}


@article{ZIP_paper2,
    month = {June},
    title = {My Family and Other Algorithms},
    author = {Dave Cliff},
    publisher = {Euromoney},
    year = {2007},
    journal = {Euromoney Algorithmic Trading Handbook 2007},
    keywords = {ZIP, trading agent, algorithmic trading},
    url = {http://eprints.soton.ac.uk/264236/}
}


@article{gd,
    title = "Price Formation in Double Auctions",
    journal = "Games and Economic Behavior",
    volume = "22",
    number = "1",
    pages = "1 - 29",
    year = "1998",
    note = "",
    issn = "0899-8256",
    doi = "10.1006/game.1997.0576",
    url = "http://www.sciencedirect.com/science/article/pii/S0899825697905765",
    author = "Steven Gjerstad and John Dickhaut"
}


@inproceedings{mgd,
    author = {Tesauro, Gerald and Das, Rajarshi},
    title = {High-performance bidding agents for the continuous double auction},
    booktitle = {Proceedings of the 3rd ACM conference on Electronic Commerce},
    series = {EC '01},
    year = {2001},
    isbn = {1-58113-387-1},
    location = {Tampa, Florida, USA},
    pages = {206--209},
    numpages = {4},
    url = {http://doi.acm.org/10.1145/501158.501183},
    doi = {10.1145/501158.501183},
    acmid = {501183},
    publisher = {ACM},
    address = {New York, NY, USA},
}


@inproceedings{gdx,
    author = {Gerald Tesauro and Jonathan L. Bredin},
    title = {Strategic sequential bidding in auctions using dynamic programming},
    booktitle = {In Proceedings of the first International Joint Conference on Autonomous Agents and Multi-Agent Systems},
    year = {2002},
    pages = {591--598}
}


@inproceedings{ibm_human,
    author = {Rajarshi Das and James E. Hanson and Jeffrey O. Kephart and Gerald Tesauro},
    title = {Agent-Human Interactions in the Continuous Double Auction},
    booktitle = {IN PROCEEDINGS OF THE 17TH INTERNATIONAL JOINT CONFERENCE ON ARTIFICIAL INTELLIGENCE},
    year = {2001},
    pages = {1169--1176},
    publisher = {}
}


@article{smith_1962,
  author={Vernon L. Smith},
  title={An Experimental Study of Competitive Market Behavior},
  journal={Journal of Political Economy},
  year=1962,
  volume={70},
  number={},
  pages={111},
  month={},
  keywords={},
  url={http://ideas.repec.org/a/ucp/jpolec/v70y1962p111.html}
}
